% THESIS
@phdthesis{Wilson2011,
	author		= "Dalzier J. Wilson",
	title		= "Cavity Optomechanics with High-Stress Silicon Nitride Films",
	school		= "California Institute of Technology",
	year		= "2011",
}

@phdthesis{zwickl2011,
	author		= "Benjamin Michael Zwickl",
	title		= "Progress Toward Observation of Radiation Pressure Shot Noise",
	school		= "Yale University",
	year		= "2011",
}

@phdthesis{schliesser2009,
	author		= "Albert Schliesser",
	title		= "Cavity Optomechanics and Optical Frequency Comb Generation with Silica Whispering-Gallery-Mode Microresonators
",
	school		= "Ludwig Maximilian University of Munich",
	year		= "2009",
}

@mastersthesis{barg2014,
    author      = "Andreas Barg",
	title		= "Optical characterization of micromechanical membranes",
	school		= "Niels Bohr Institute",
	year		= "2014",
}

% ARTICLES
@article{suh2014,
  title={Mechanically detecting and avoiding the quantum fluctuations of a microwave field},
  author={Suh, Junho and Weinstein, Alan J and Lei, CU and Wollman, EE and Steinke, SK and Meystre, Pierre and Clerk, AA and Schwab, KC},
  journal={Science},
  volume={344},
  number={6189},
  pages={1262--1265},
  year={2014},
  publisher={American Association for the Advancement of Science}
}


@article{safavi2013,
  title={Squeezed light from a silicon micromechanical resonator},
  author={Safavi-Naeini, Amir H and Gr{\"o}blacher, Simon and Hill, Jeff T and Chan, Jasper and Aspelmeyer, Markus and Painter, Oskar},
  journal={Nature},
  volume={500},
  number={7461},
  pages={185--189},
  year={2013},
  publisher={Nature Publishing Group}
}


@article{teufel2011,
  title={Sideband cooling of micromechanical motion to the quantum ground state},
  author={Teufel, JD and Donner, Tobias and Li, Dale and Harlow, JW and Allman, MS and Cicak, Katarina and Sirois, AJ and Whittaker, Jed D and Lehnert, KW and Simmonds, Raymond W},
  journal={Nature},
  volume={475},
  number={7356},
  pages={359--363},
  year={2011},
  publisher={Nature Publishing Group}
}


@article{oconnell2010,
  title={Quantum ground state and single-phonon control of a mechanical resonator},
  author={Oâ€™Connell, Aaron D and Hofheinz, Max and Ansmann, Markus and Bialczak, Radoslaw C and Lenander, Mike and Lucero, Erik and Neeley, Matthew and Sank, Daniel and Wang, H and Weides, M and others},
  journal={Nature},
  volume={464},
  number={7289},
  pages={697--703},
  year={2010},
  publisher={Nature Publishing Group}
}

@article{purdy2013,
  title={Strong optomechanical squeezing of light},
  author={Purdy, TP and Yu, P-L and Peterson, RW and Kampel, NS and Regal, CA},
  journal={Physical Review X},
  volume={3},
  number={3},
  pages={031012},
  year={2013},
  publisher={APS}
}

@article{black2001,
  title={An introduction to Pound--Drever--Hall laser frequency stabilization},
  author={Black, Eric D},
  journal={American Journal of Physics},
  volume={69},
  number={1},
  pages={79--87},
  year={2001},
  publisher={American Association of Physics Teachers}
}


@article{gorodetsky2010,
  title={Determination of the vacuum optomechanical coupling rate using frequency noise calibration},
  author={Gorodetsky, ML and Schliesser, Albert and Anetsberger, Georg and Deleglise, Samuel and Kippenberg, Tobias J},
  journal={Optics express},
  volume={18},
  number={22},
  pages={23236--23246},
  year={2010},
  publisher={Optical Society of America}
}

@article{yu2014,
  title={A phononic bandgap shield for high-q membrane microresonators},
  author={Yu, P-L and Cicak, K and Kampel, NS and Tsaturyan, Y and Purdy, TP and Simmonds, RW and Regal, CA},
  journal={Applied Physics Letters},
  volume={104},
  number={2},
  pages={023510},
  year={2014},
  publisher={AIP Publishing}
}

@article{wilson2009,
  title = {Cavity Optomechanics with Stoichiometric SiN Films},
  author = {Wilson, D. J. and Regal, C. A. and Papp, S. B. and Kimble, H. J.},
  journal = {Phys. Rev. Lett.},
  volume = {103},
  issue = {20},
  pages = {207204},
  numpages = {4},
  year = {2009},
  month = {Nov},
  publisher = {American Physical Society},
  doi = {10.1103/PhysRevLett.103.207204},
  url = {http://link.aps.org/doi/10.1103/PhysRevLett.103.207204}
}

@article{giovannetti2001,
  title={Phase-noise measurement in a cavity with a movable mirror undergoing quantum Brownian motion},
  author={Giovannetti, Vittorio and Vitali, David},
  journal={Physical Review A},
  volume={63},
  number={2},
  pages={023812},
  year={2001},
  publisher={APS}
}

@article{weis2010,
  title={Optomechanically induced transparency},
  author={Weis, Stefan and Rivi{\`e}re, R{\'e}mi and Del{\'e}glise, Samuel and Gavartin, Emanuel and Arcizet, Olivier and Schliesser, Albert and Kippenberg, Tobias J},
  journal={Science},
  volume={330},
  number={6010},
  pages={1520--1523},
  year={2010},
  publisher={American Association for the Advancement of Science}
}

@article{law1995,
  title={Interaction between a moving mirror and radiation pressure: A Hamiltonian formulation},
  author={Law, CK},
  journal={Physical Review A},
  volume={51},
  number={3},
  pages={2537},
  year={1995},
  publisher={APS}
}

@article{tsaturyan2014,
  title={Demonstration of suppressed phonon tunneling losses in phononic bandgap shielded membrane resonators for high-Q optomechanics},
  author={Tsaturyan, Yeghishe and Barg, Andreas and Simonsen, Anders and Villanueva, Luis Guillermo and Schmid, Silvan and Schliesser, Albert and Polzik, Eugene S},
  journal={Optics express},
  volume={22},
  number={6},
  pages={6810--6821},
  year={2014},
  publisher={Optical Society of America}
}

@article{jayich2008,
  title={Dispersive optomechanics: a membrane inside a cavity},
  author={Jayich, AM and Sankey, JC and Zwickl, BM and Yang, C and Thompson, JD and Girvin, SM and Clerk, AA and Marquardt, F and Harris, JGE},
  journal={New Journal of Physics},
  volume={10},
  number={9},
  pages={095008},
  year={2008},
  publisher={IOP Publishing}
}

@article{thompson2008,
  title={Strong dispersive coupling of a high-finesse cavity to a micromechanical membrane},
  author={Thompson, JD and Zwickl, BM and Jayich, AM and Marquardt, Florian and Girvin, SM and Harris, JGE},
  journal={Nature},
  volume={452},
  number={7183},
  pages={72--75},
  year={2008},
  publisher={Nature Publishing Group}
}

@article{chan2011,
  title={Laser cooling of a nanomechanical oscillator into its quantum ground state},
  author={Chan, Jasper and Alegre, TP Mayer and Safavi-Naeini, Amir H and Hill, Jeff T and Krause, Alex and Groblacher, Simon and Aspelmeyer, Markus and Painter, Oskar},
  journal={Nature},
  volume={478},
  number={7367},
  pages={89--92},
  year={2011},
  publisher={Nature Publishing Group}
}

@article{weis2010,
  title={Optomechanically induced transparency},
  author={Weis, Stefan and Riviere, Remi and Deleglise, Samuel and Gavartin, Emanuel and Arcizet, Olivier and Schliesser, Albert and Kippenberg, Tobias J},
  journal={Science},
  volume={330},
  number={6010},
  pages={1520--1523},
  year={2010},
  publisher={American Association for the Advancement of Science}
}

@article{saulson1990,
  title={Thermal noise in mechanical experiments},
  author={Saulson, Peter R},
  journal={Physical Review D},
  volume={42},
  number={8},
  pages={2437},
  year={1990},
  publisher={APS}
}

@article{aspelmeyer2014,
  title={Cavity optomechanics},
  author={Aspelmeyer, Markus and Kippenberg, Tobias J and Marquardt, Florian},
  journal={Reviews of Modern Physics},
  volume={86},
  number={4},
  pages={1391},
  year={2014},
  publisher={APS}
}

% BOOKS
@book{gerry2005,
  title={Introductory quantum optics},
  author={Gerry, Christopher and Knight, Peter},
  year={2005},
  publisher={Cambridge university press}
}

@book{kittel2005,
  title={Introduction to solid state physics},
  author={Kittel, Charles},
  year={2005},
  publisher={Wiley}
}

@book{schroeder2000,
  title={An introduction to thermal physics},
  author={Schroeder, Daniel V},
  volume={60},
  year={2000},
  publisher={Addison Wesley New York}
}

@book{gardiner2004,
  title={Quantum noise: a handbook of Markovian and non-Markovian quantum stochastic methods with applications to quantum optics},
  author={Gardiner, Crispin and Zoller, Peter},
  volume={56},
  year={2004},
  publisher={Springer Science \& Business Media}
}

@book{milonni2010,
  title={Laser Physics},
  author={Milonni, Peter W. and Eberly, Joseph H.},
  year={2010},
  publisher={Wiley}
}

@book{davenportroot,
  title={An introduction to the theory of random signals and noise},
  author={Davenport, Wilbur B and Root, William L and others},
  volume={159},
  year={1958},
  publisher={McGraw-Hill New York}
}

@book{riley2006,
  title={Mathematical methods for physics and engineering: a comprehensive guide},
  author={Riley, Kenneth Franklin and Hobson, Michael Paul and Bence, Stephen John},
  year={2006},
  publisher={Cambridge University Press}
}

@misc{young2003,
  title={University physics with modern physics with mastering physics},
  author={Young, Hugh D and Freedman, Roger A},
  year={2003},
  publisher={San Francisco: Addison Wesley}
}

@book{spiegel1999,
  title={Schaum's mathematical handbook of formulas and tables},
  author={Spiegel, Murray},
  year={1999},
  publisher={McGraw-Hill Osborne Media}
}

@book{griffiths2005,
  title={Introduction to quantum mechanics},
  author={Griffiths, David Jeffery},
  year={2005},
  publisher={Pearson Education India}
}
