% THESIS
@phdthesis{Wilson2011,
	author		= {Dalzier J. Wilson},
	title		= {Cavity Optomechanics with High-Stress Silicon Nitride Films},
	school		= {California Institute of Technology},
	year		= {2011},
}

@phdthesis{zwickl2011,
	author		= {Benjamin Michael Zwickl},
	title		= {Progress Toward Observation of Radiation Pressure Shot Noise},
	school		= {Yale University},
	year		= {2011},
}

@phdthesis{schliesser2009,
	author		= {Albert Schliesser},
	title		= {Cavity Optomechanics and Optical Frequency Comb Generation with Silica Whispering-Gallery-Mode Microresonators},
	school		= {Ludwig Maximilian University of Munich},
	year		= {2009},
}

% ARTICLES
@article{law1995
  title={Interaction between a moving mirror and radiation pressure: A Hamiltonian formulation},
  author={Law, CK},
  journal={Physical Review A},
  volume={51},
  number={3},
  pages={2537},
  year={1995},
  publisher={APS}
}

@article{tsaturyan2014,
  title={Demonstration of suppressed phonon tunneling losses in phononic bandgap shielded membrane resonators for high-Q optomechanics},
  author={Tsaturyan, Yeghishe and Barg, Andreas and Simonsen, Anders and Villanueva, Luis Guillermo and Schmid, Silvan and Schliesser, Albert and Polzik, Eugene S},
  journal={Optics express},
  volume={22},
  number={6},
  pages={6810--6821},
  year={2014},
  publisher={Optical Society of America}
}

@article{jayich2008,
  title={Dispersive optomechanics: a membrane inside a cavity},
  author={Jayich, AM and Sankey, JC and Zwickl, BM and Yang, C and Thompson, JD and Girvin, SM and Clerk, AA and Marquardt, F and Harris, JGE},
  journal={New Journal of Physics},
  volume={10},
  number={9},
  pages={095008},
  year={2008},
  publisher={IOP Publishing}
}

@article{thompson2008,
  title={Strong dispersive coupling of a high-finesse cavity to a micromechanical membrane},
  author={Thompson, JD and Zwickl, BM and Jayich, AM and Marquardt, Florian and Girvin, SM and Harris, JGE},
  journal={Nature},
  volume={452},
  number={7183},
  pages={72--75},
  year={2008},
  publisher={Nature Publishing Group}
}

@article{chan2011,
  title={Laser cooling of a nanomechanical oscillator into its quantum ground state},
  author={Chan, Jasper and Alegre, TP Mayer and Safavi-Naeini, Amir H and Hill, Jeff T and Krause, Alex and Groblacher, Simon and Aspelmeyer, Markus and Painter, Oskar},
  journal={Nature},
  volume={478},
  number={7367},
  pages={89--92},
  year={2011},
  publisher={Nature Publishing Group}
}

@article{weis2010,
  title={Optomechanically induced transparency},
  author={Weis, Stefan and Riviere, Remi and Deleglise, Samuel and Gavartin, Emanuel and Arcizet, Olivier and Schliesser, Albert and Kippenberg, Tobias J},
  journal={Science},
  volume={330},
  number={6010},
  pages={1520--1523},
  year={2010},
  publisher={American Association for the Advancement of Science}
}

@article{saulson1990,
  title={Thermal noise in mechanical experiments},
  author={Saulson, Peter R},
  journal={Physical Review D},
  volume={42},
  number={8},
  pages={2437},
  year={1990},
  publisher={APS}
}

@article{aspelmeyer2014,
  title={Cavity optomechanics},
  author={Aspelmeyer, Markus and Kippenberg, Tobias J and Marquardt, Florian},
  journal={Reviews of Modern Physics},
  volume={86},
  number={4},
  pages={1391},
  year={2014},
  publisher={APS}
}

% BOOKS
@book{milonni2010,
  title={Laser Physics},
  author={Milonni, Peter W. and Eberly, Joseph H.},
  year={2010},
  publisher={Wiley}
}

@book{davenportroot,
  title={An introduction to the theory of random signals and noise},
  author={Davenport, Wilbur B and Root, William L and others},
  volume={159},
  year={1958},
  publisher={McGraw-Hill New York}
}

@book{riley2006,
  title={Mathematical methods for physics and engineering: a comprehensive guide},
  author={Riley, Kenneth Franklin and Hobson, Michael Paul and Bence, Stephen John},
  year={2006},
  publisher={Cambridge University Press}
}

@misc{young2003,
  title={University physics with modern physics with mastering physics},
  author={Young, Hugh D and Freedman, Roger A},
  year={2003},
  publisher={San Francisco: Addison Wesley}
}

@book{spiegel1999,
  title={Schaum's mathematical handbook of formulas and tables},
  author={Spiegel, Murray},
  year={1999},
  publisher={McGraw-Hill Osborne Media}
}

@book{griffiths2005,
  title={Introduction to quantum mechanics},
  author={Griffiths, David Jeffery},
  year={2005},
  publisher={Pearson Education India}
}
